@inproceedings{strens,
  author =	 "Strens, M.",
  title =	 "A Bayesian Framework for Reinforcement Learning",
  year =	 "2000",
  booktitle = 	 "International Conference on Machine Learning"
}

@inproceedings{engel,
  author =	 "Engel, Y. and Mannor, S. and Meir, R.",
  title =	 "Reinforcement learning with Gaussian processes",
  year =	 "2005",
  booktitle = 	 "International Conference on Machine Learning"
}